@article{Manchester_Decoding,
	Abstract = {},
	Author = {infineon},
	Journal = {},
	Month = {},
	Number = {},
	Numpages = {},
	Pages = {},
	Title = {Manchester Decoding},
	Volume = {},
	Url = {https://community.infineon.com/t5/PSOC-5-3-1/Machester-Decoder-using-Psoc/td-p/41723},
	Year = {}
}

@article{Amit,
	Abstract = {},
	Author = {inrail},
	Journal = {},
	Month = {},
	Number = {},
	Numpages = {},
	Pages = {},
	Title = {AMiT MVB Analyzer},
	Volume = {},
	Url = {https://inrail.in/product/wtb-and-mvb-analyzers/},
	Year = {}
}

@article{Ci4Rail,
	Abstract = {},
	Author = {Ci4Rail},
	Journal = {},
	Month = {},
	Number = {},
	Numpages = {},
	Pages = {},
	Title = {Ci4Rail Sniffer},
	Volume = {},
	Url = {https://www.ci4rail.com/wp-content/uploads/2022/03/MI003_03.png},
	Year = {}
}

@article{Yacer,
	Abstract = {},
	Author = {Yacer},
	Journal = {},
	Month = {},
	Number = {},
	Numpages = {},
	Pages = {},
	Title = {MVB Protocol Analyzer},
	Volume = {},
	Url = {https://yacer.com.cn/product/detail/37},
	Year = {}
}